@report{LearningLogicalActivations,
author = {Jack Laurenson},
title = {Learning Logical Activations in Neural Networks},
type = {•},
institution = {Victoria University of Wellington},
year = {2016},
OPTsubtitle = {•},
OPTtitleaddon = {•},
OPTlanguage = {•},
OPTnumber = {•},
OPTversion = {•},
OPTnote = {•},
OPTlocation = {•},
OPTmonth = {•},
OPTisrn = {•},
OPTchapter = {•},
OPTpages = {•},
OPTpagetotal = {•},
OPTaddendum = {•},
OPTpubstate = {•},
OPTdoi = {•},
OPTeprint = {•},
OPTeprintclass = {•},
OPTeprinttype = {•},
OPTurl = {•},
OPTurldate = {•},
}