@article{herrmann1996backpropagation,
  title={Backpropagation for neural DNF-and CNF-networks},
  author={Herrmann, Christoph and Thier, Andreas},
  journal={Knowledge Representation in Neural Networks, S},
  pages={63--72},
  year={1996},
  publisher={Citeseer}
}

@report{LearningLogicalActivations,
author = {Jack Laurenson},
title = {Learning Logical Activations in Neural Networks},
type = {â€¢},
institution = {Victoria University of Wellington},
year = {2016},
}