@article{herrmann1996backpropagation,
  title={Backpropagation for neural DNF-and CNF-networks},
  author={Herrmann, Christoph and Thier, Andreas},
  journal={Knowledge Representation in Neural Networks, S},
  pages={63--72},
  year={1996},
  publisher={Citeseer}
}

@article{goodman2016european,
	title={European Union regulations on algorithmic decision-making and a" right to explanation"},
	author={Goodman, Bryce and Flaxman, Seth},
	journal={arXiv preprint arXiv:1606.08813},
	year={2016}
}

@article{doshi2017towards,
	title={Towards a rigorous science of interpretable machine learning},
	author={Doshi-Velez, Finale and Kim, Been},
	year={2017}
}

@article{LearningLogicalActivations,
author = {Jack Laurenson},
title = {Learning Logical Activations in Neural Networks},
type = {â€¢},
institution = {Victoria University of Wellington},
year = {2016},
}

@article{andrews1995survey,
  title={Survey and critique of techniques for extracting rules from trained artificial neural networks},
  author={Andrews, Robert and Diederich, Joachim and Tickle, Alan B},
  journal={Knowledge-based systems},
  volume={8},
  number={6},
  pages={373--389},
  year={1995},
  publisher={Elsevier}
}

@article{tickle1998truth,
  title={The truth will come to light: Directions and challenges in extracting the knowledge embedded within trained artificial neural networks},
  author={Tickle, Alan B and Andrews, Robert and Golea, Mostefa and Diederich, Joachim},
  journal={IEEE Transactions on Neural Networks},
  volume={9},
  number={6},
  pages={1057--1068},
  year={1998},
  publisher={IEEE}
}

@article{russell1995modern,
  title={A modern approach},
  author={Russell, Stuart and Norvig, Peter and Intelligence, Artificial},
  journal={Artificial Intelligence. Prentice-Hall, Egnlewood Cliffs},
  volume={25},
  pages={27},
  year={1995}
}

@article{kingma2014adam,
  title={Adam: A method for stochastic optimization},
  author={Kingma, Diederik and Ba, Jimmy},
  journal={arXiv preprint arXiv:1412.6980},
  year={2014}
}

@misc{Lichman:2013 ,
	author = "M. Lichman",
	year = "2013",
	title = "{UCI} Machine Learning Repository",
	url = "http://archive.ics.uci.edu/ml",
	institution = "University of California, Irvine, School of Information and Computer Sciences" }

@article{liu2002discretization,
	title={Discretization: An enabling technique},
	author={Liu, Huan and Hussain, Farhad and Tan, Chew Lim and Dash, Manoranjan},
	journal={Data mining and knowledge discovery},
	volume={6},
	number={4},
	pages={393--423},
	year={2002},
	publisher={Springer}
}

@inproceedings{dougherty1995supervised,
	title={Supervised and unsupervised discretization of continuous features},
	author={Dougherty, James and Kohavi, Ron and Sahami, Mehran and others},
	booktitle={Machine learning: proceedings of the twelfth international conference},
	volume={12},
	pages={194--202},
	year={1995}
}

@article{tsukimoto2000extracting,
	title={Extracting rules from trained neural networks},
	author={Tsukimoto, Hiroshi},
	journal={IEEE Transactions on Neural Networks},
	volume={11},
	number={2},
	pages={377--389},
	year={2000},
	publisher={IEEE}
}
