@article{basicConceptsCL,
title={Basic concepts of continous logic},
author={Levin, Vitay I},
journal={Studies in Logic, Grammar and Rhetoric},
volume={11},
number={24},
pages={67--84},
year={2007}
}

@article{logicOfActivationFunctions,
  title={The logic of activation functions},
  author={Williams, Ronald J},
  journal={Parallel distributed processing: Explorations in the microstructure of cognition},
  volume={1},
  pages={423--443},
  year={1986},
  publisher={MIT Press Cambridge, MA}
}